
@book{czyzewski,
author = {Czyżewski, Andrzej},
title = {Dźwięk cyfrowy – Wybrane zagadnienia teoretyczne, technologia, zastosowania},
year = "2015",
ISBN = {83-87674-08-7},
publisher = "Akademicka Oficyna Wydawnicza EXIT"
}


@book{lesnicki,
author = {Leśnicki, Andrzej},
title = {Technika Cyfrowego Przetwarzania Sygnałów},
year = "2016",
ISBN = {978-83-7348-552-5},
publisher = "Wydawnictwo Politechniki Gdańskiej"
}


@book{horstmann,
author = {Horstmann, Cay S.},
title = {Java, Podstawy, Wydanie X},
year = "2016",
ISBN = {978-83-283-2480-0},
publisher = "Helion"
}


@book{horstmann2,
author = {Horstmann, Cay S.},
title = {Java, Techniki zaawansowane, Wydanie X},
ISBN = {978-83-283-3480-9},
year = "2017",
publisher = "Helion"
}

@manual{harvey,
author = {John McCullough, Harvey Mudd Collage},
title = {Using Wavelets for Monophonic Pitch Detection},
year = "2005"
}

@manual{YIN,
author = {Alain de Cheveigné, Hideki Kawahara},
title = {YIN, a fundamental frequency estimator for speech and music},
year = "2002"
}

@manual{AMDF,
author = {Li Tan, Montri Karnjanadecha},
title = {Pitch detection algorithm: Autocorrelation method and AMDF},
year = "2003"
}

@misc {xcode,
title = {Xcode},
year = "2018",
url = "https://developer.apple.com/xcode/ide/",
urldate = {2018-01-05}
}

@misc {netbeans,
title = {NetBeans IDE - The Smarter and Faster Way to Code },
year = "2018",
url = "https://netbeans.org/features/index.html",
urldate = {2018-01-05}
}

@misc {eclipse,
author = {John Jufg},
title = {Eclipse},
year = "2018",
url = "https://wiki.eclipse.org/",
urldate = {2018-01-05}
}

@misc {MIDI,
author = "Praca zbiorowa redakcji Estrada i studio",
journal = "Estrada i studio",
title = {MIDI - czym jest ten protokół i jak go używać?},
year = "2018",
url = "https://estradaistudio.pl/porady/technologia/29384-czym-jest-midi-i-jak-go-uzywac",
urldate = {2017-09-02}
}


